@book{agarwal2011introduction,
   title={An introduction to complex analysis},
   author={Agarwal, Ravi P and Perera, Kanishka and Pinelas, Sandra},
   year={2011},
   publisher={Springer Science \& Business Media}
}